<record><leader>00000cas a22000007a 4500</leader><controlfield tag="001">18486834</controlfield><controlfield tag="008">880915c19uu9999txucr ne      0    0eng d</controlfield><datafield ind1=" " ind2=" " tag="010"><subfield code="a">sn 88084246 </subfield></datafield><datafield ind1=" " ind2=" " tag="040"><subfield code="a">PPM</subfield><subfield code="b">eng</subfield><subfield code="c">PPM</subfield><subfield code="d">OCLCQ</subfield></datafield><datafield ind1=" " ind2=" " tag="042"><subfield code="a">msc</subfield></datafield><datafield ind1="0" ind2="0" tag="245"><subfield code="a">Kingwood observer.</subfield></datafield><datafield ind1="3" ind2="0" tag="246"><subfield code="a">Observer of Kingwood</subfield></datafield><datafield ind1=" " ind2=" " tag="260"><subfield code="a">Kingwood, Tex. :</subfield><subfield code="b">Attaway Newspaper Group</subfield></datafield><datafield ind1=" " ind2=" " tag="310"><subfield code="a">Semiweekly</subfield></datafield><datafield ind1=" " ind2=" " tag="588"><subfield code="a">Description based on: Vol. 6, no. 11 (Feb. 2, 1983).</subfield></datafield><datafield ind1=" " ind2=" " tag="752"><subfield code="a">United States</subfield><subfield code="b">Texas</subfield><subfield code="c">Harris</subfield><subfield code="d">Kingwood.</subfield></datafield></record>